@article{carvalho2006creditos,
  title={Cr{\'e}ditos de carbono e gera{\c{c}}{\~a}o de energia com uso de biodigestores no tratamento de dejetos su{\'\i}nos},
  author={Carvalho, Tobias and Nolasco, Marcelo Antunes},
  journal={Revista Acad{\^e}mica: Ci{\^e}ncia Animal},
  volume={4},
  number={3},
  pages={23--32},
  year={2006}
}

@article{revised1996ipcc,
  title={IPCC guidelines for national greenhouse gas inventories},
  author={Revised, IEA},
  journal={IPCC, Bracknell, Volumes},
  volume={2},
  pages={1996},
  year={1996}
}

@article{gomiero2004produccao,
  title={Produ{\c{c}}{\~a}o de Concentrado de Ur{\^a}nio em Caetit{\'e} e BA},
  author={Gomiero, LA and Matos, EC and Rodriguez, PC},
  journal={XX ENTMME e Encontro Nacional de Tratamento de Min{\'e}rios e Metalurgia Extrativa},
  pages={399--406},
  year={2004}
}

@book{newnan2000fundamentos,
  title={Fundamentos de engenharia econ{\^o}mica},
  author={Newnan, Donald G and Lavelle, Jerome P},
  year={2000},
  publisher={LTC}
}

@article{rangel2016analise,
  title={An{\'a}lise comparativa de custos e tarifas de energias renov{\'a}veis no Brasil},
  author={Rangel, Mariana Salles and Borges, Pedro Baptista and Santos, IFS},
  journal={Revista Brasileira de Energias Renov{\'a}veis},
  volume={5},
  number={3},
  pages={267--277},
  year={2016}
}

@phdthesis{kurahassi,
  title={Gest{\~a}o da energia el{\'e}trica-bases para uma pol{\'i}tica p{\'u}blica municipal.},
  author={Kurahassi, Luiz Fernando},
  year={2006},
  school={Universidade de S{\~a}o Paulo}
}

@misc{ipcc,
  title={Clean Development Mechanism},
  subtitle={S{\~a}o Jo{\~a}o Landfill Gas to Energy Project (SJ)},
  author={UNFCCC},
  year={2010},
  url={http://cdm.unfccc.int/Projects/DB/DNV-CUK1145141778.29},
  publisher={United Nations Climate Change},
  urlaccessdate = {12 fev. 2019}
}


@misc{bndes,
    author = {Brasil},
    publisher = {Banco Nacional do Desenvolvimento, BNDES},
    title = {Simule o seu financiamento},
    subtitle={Finame Energia Renov{\'a}vel},
    year = {2019},
    url = {https://www.bndes.gov.br/wps/portal/site/home/financiamento/simulador/?productCode=AOI_053},
    urlaccessdate = {13 mar. 2019}
}

@misc{kisspng,
  title={Millions of PNG images},
  subtitle={Unlimited Free Download},
  author={KPI},
  year={2019},
  url={https://www.kisspng.com/png-line-roof-angle-3305469},
  publisher={KISS PNG Inc.},
  urlaccessdate = {12 jan. 2019}
}

@misc{banco2018calculadora,
  title={Calculadora do cidad{\~a}o},
  author={Banco Central do Brasil},
  year={2018},
  url={https://www3.bcb.gov.br/CALCIDADAO/publico/corrigirPorIndice.do?method=corrigirPorIndice},
  publisher={BCB Bras{\'i}lia},
  urlaccessdate = {12 dez. 2018}
}


@misc{lei13169:2015,
	author = {Brasil},
	title = {Lei Nº 13.169, de 06 de outubro de 2015},
	address = {Bras{\'i}lia, DF},
	year = {2015},
	month = {out}
}

@misc{inee:2017,
	author = {INEE},
	publisher = {Instituto Nacional de Efici{\^e}ncia Energ{\'e}tica (INEE)},
	title = {O que {\'e} a gera{\c c}{\~a}o distribu{\'i}da?},
	url = {http://www.inee.org.br/forum_ger_distrib.asp?Cat=gd},
	year={2017},
	urlaccessdate = {12 dez. 2018}
}

@article{simioni2006uso,
  title={O uso de energia renov{\'a}vel sustent{\'a}vel na matriz energ{\'e}tica brasileira: obst{\'a}culos para o planejamento e amplia{\c{c}}{\u{a}}o de pol{\'i}ticas sustent{\'a}veis},
  author={Simioni, Carlos Alberto},
  year={2006},
  publisher={2006.}
}

@article{expansao,
    author = {Brasil},
    year={2017},
    publisher = {Minist{\'e}rio de Minas e Energia (MME)},
    title={Expans{\~a}o de Energia no Brasil – 2024 Oportunidade de Investimentos},
    subtitle = {Plano Decenal de Expans{\~a}o de Energia},
}

@phdthesis{silva2006fontes,
  title={Fontes de energia renov{\'a}veis complementares na expans{\~a}o do setor el{\'e}trico brasileiro: o caso da energia e{\'o}lica. Rio de Janeiro, abril de 2006. 263p},
  author={SILVA, Neilton Fidelis},
  year={2006},
  school={Tese de Doutorado--Programa de Planejamento Energ{\'e}tico, COPPE, Universidade~…}
}

@book{feam,
    author = {FEAM},
    year={2015},
    adress={Belo Horizonte, MG},
    publisher = {Funda{\c c}{\~a}o Estadual de Meio Ambiente},
    title={Guia T{\'e}cnico Ambiental de Biog{\'a}s na Agroind{\'u}stria},
    pages={160},
    isbn={620.92:504.6}
}

@misc{simonboiler,
    author = {Simons Boiler},
    publisher = {Simons Boiler Co.},
    title = {Cogeneration Systems},
    subtitle = {Combined Heat \& Power},
    year = {2018},
    url = {https://simonsboiler.com.au/product/cogeneration-combined-heat-power/},
    urlaccessdate = {05 jan. 2019}
}

@misc{aaneel2,
    author = {Brasil},
    publisher = {Ag{\^e}ncia Nacional de Energia El{\'e}trica, ANEEL},
    title = {ANEEL},
    subtitle = {Gera{\c c}{\~a}o Distribu{\'i}da},
    year = {2018},
    url = {http://www2.aneel.gov.br/scg/gd/gd_estadual.asp},
    urlaccessdate = {11 dez. 2018}
}

@misc{aaneel3,
    author = {Brasil},
    publisher = {Ag{\^e}ncia Nacional de Energia El{\'e}trica, ANEEL},
    title = {Atlas de Energia El\'etrica, 2º Edi{\c c}{\~a}o},
    subtitle = {5 - Biomassa},
    year = {2019},
    url = {http://www2.aneel.gov.br/aplicacoes/atlas/download.htm},
    urlaccessdate = {02 fev. 2019}
}

@misc{aaneel4,
    author = {Brasil},
    publisher = {Ag{\^e}ncia Nacional de Energia El{\'e}trica, ANEEL},
    title = {Atlas de Energia El\'etrica},
    year = {2007},
    url = {http://www2.aneel.gov.br/aplicacoes/atlas/download.htm},
    urlaccessdate = {02 fev. 2019}
}

@inproceedings{fraser2002distributed,
  title={Distributed generation in liberalised electricity markets},
  author={Fraser, Peter},
  booktitle={International symposium on distributed generation: power system and market aspects},
  pages={1-12},
  year={2002}
}

@article{bayod2009future,
  title={Future development of the electricity systems with distributed generation},
  author={Bayod-R{\'u}jula, Angel A},
  journal={Energy},
  volume={34},
  number={3},
  pages={377--383},
  year={2009},
  publisher={Elsevier}
}

@article{silva2015energia, title={Energia solar no Brasil: dos incentivos ao desafios}, author={Silva, Rutelly Marques }, year={2015}, publisher={Bras{\'i}lia: Senado Federal, Consultoria Legislativa} }

@misc{aneelcadtem:2016,
	title		= {Micro e Minigeração Distribuída: Sistema de Compensação de Energia Elétrica},
	edition = {2},
	author		= {Brasil},
	publisher = {Agência Nacional Energia Elétrica (ANEEL)},
	note 		= {(Cadernos temáticos ANEEL)},
	year		= {2016}
}


@misc{prodist:8,
	title		= {Procedimentos de Distribui{\c c}{\~a}o de Energia El{\'e}trica no Sistema El{\'e}trico Nacional (PRODIST)},
	subtitle={Módulo 8 - {Qualidade da Energia El{\'e}trica}},
	author		= {Brasil},
	publisher = {Ag{\^e}ncia Nacional Energia El{\'e}trica (ANEEL)},
	url 		= {http://www.aneel.gov.br/documents/656827/14866914/M%C3%B3dulo8_Revisao_8/9c78cfab-a7d7-4066-b6ba-cfbda3058d19},
	urlaccessdate	= {23 nov. 2018},
	year		= {2017}
}

@article{leao2009comprehensive, title={A comprehensive overview on wind power integration to the power grid}, author={Le{\~a}o, Ruth Pastora Saraiva and Antunes, Fernando Luiz Marcelo and Lourenco, Tiago Greison M and Andrade, Kleber Rodrigues}, journal={IEEE Latin America Transactions}, volume={7}, number={6}, year={2009}, publisher={IEEE} }

@misc{artigo14:2004,
address={Bras{\'i}lia, DF},
journal={Cole{\c c}\~ao de leis da Rep\’ublica Federativa do Brasil},
month={jul.},
organization={Brasil. {Congresso. Senado}},
title={DECRETO Nº 5.163 DE 30 DE JULHO DE 2004.},
subtitle={Regulamenta a comercializa{\c c}\~ao de energia el{\'e}trica, o processo de outorga de concess{\~o}es e de autoriza{\c c}\~oes de gera{\c c}\~ao de energia el{\'e}trica, e d{\'a} outras provid{\^e}ncias.},
year={2004}
}


@misc{epa,
    author = {EPA},
    publisher = {United States Environmental Protection Agency},
    title = {Garbage (Solid Waste)},
    year = {2018},
    url = {https://www.epa.gov/landfills},
    urlaccessdate = {10 jan. 2019}
}

@misc{vgresiudos,
    author = {VGRES\'IDUOS},
    publisher = {VG Res{\'iduos} LTDA.},
    title = {Como funciona o aterro sanit{\'a}rio?},
    year = {2018},
    url = {https://www.vgresiduos.com.br/blog/como-funciona-o-aterro-sanitario/},
    urlaccessdate = {20 jan. 2019}
}

@misc{aaneel,
    author = {Brasil},
    publisher = {Agência Nacional de Energia Elétrica, ANEEL},
    title = {ANEEL},
    subtitle = {Conhe{\c c}a a Ag{\^e}ncia Nacional de Energia El{\'e}trica},
    year = {2018},
    url = {http://www.aneel.gov.br/a-aneel},
    urlaccessdate = {09 jan. 2019}
}

@misc{renovabio,
    author = {Brasil},
    year={2017},
    publisher = {Minist{\'e}rio de Minas e Energia (MME)},
    title={RenovaBio},
    subtitle = {Pol{\'i}tica P{\'ublica} de Biocombust{\'i}veis},
    url = {http://www.mme.gov.br/web/guest/secretarias/petroleo-gas-natural-e-combustiveis-renovaveis/programas/renovabio/principal},
    urlaccessdate = {04 jan. 2019}
}

@phdthesis{marcio,
  title={O poder normativo das ag{\^e}ncias reguladoras como instrumento de implementa{\c{c}}{\~a}o de pol{\'i}ticas p{\'u}blicas. 2010},
  author={MARTINS, Marcio Sampaio Mesquita},
  year={2010},
  school={Disserta{\c{c}}{\~a}o (Mestrado em Direito)--Universidade Federal do Cear{\'a}, Fortaleza}
}

@article{cgu,
    author = {Brasil},
    year={2019},
    publisher = {Casa Civil da Presid{\^e}ncia da Rep{\'u}blica},
    title={Avalia{\c c}{\~a}o de Pol{\'i}ticas P{\'u}blicas},
    subtitle = {Guia pr{\'a}tico de an{\'a}lise ex post},
}

@article{klein2001temperature,
  title={Temperature development in a modern municipal solid waste incineration (MSWI) bottom ash landfill with regard to sustainable waste management},
  author={Klein, R and Baumann, T and Kahapka, E and Niessner, R},
  journal={Journal of Hazardous Materials},
  volume={83},
  number={3},
  pages={265--280},
  year={2001},
  publisher={Elsevier}
}

@book{gerardi2003microbiology,
  title={The microbiology of anaerobic digesters},
  author={Gerardi, Michael H},
  year={2003},
  publisher={John Wiley \& Sons}
}

@article{pierobon2007sistema,
  title={Sistema de gera{\c{c}}{\~a}o de energia de baixo custo utilizando biog{\'a}s proveniente de aterro sanit{\'a}rio},
  author={Pierobon, Luis Ricardo Pedra},
  year={2007}
}

@misc{ibge,
  title={Censo Demogr{\'a}fico},
  author={Brasil},
  publisher={Instituto Brasileiro de Geografia e Estat{\'is}tica. {IBGE}},
  url={http://www.ibge.gov.br},
  year={2010},
  urlaccessdate = {20 fev. 2019}
}

@article{seminario,
  title={Semin{\'a}rio Internacional de Biog{\'a}s},
  subtitle={Recomenda{\c{c}}{\~o}es para pol{\'i}ticas p{\'u}blicas de biog{\'a}s para Am{\'e}rica Latina e Caribe},
  author={CIBIOG{\'A}S},
  year={2014}
}

@book{handbook,
  title={The biogas handbook: science, production and applications},
  author={Wellinger, Arthur and Murphy, Jerry D and Baxter, David},
  year={2013},
  publisher={Elsevier}
}

@article{azevedo2000caracteristicas,
  title={Caracter{\'i}sticas, produ{\c{c}}{\~a}o e utiliza{\c{c}}{\~a}o do biog{\'a}s produzido a partir de res{\'i}duos org{\^a}nicos},
  author={Azevedo, M{\'a}rcia Helena},
  journal={Porto Alegre},
  year={2000}
}

@misc{epe:efener,
    author = {Brasil},
    year={2019},
    publisher = {Empresa de Pesquisa Energética, EPE},
    title={Efici{\^e}ncia Energ{\'e}tica},
    subtitle = {ABCD Energia},
    url = {http://www.epe.gov.br/pt/abcdenergia/eficiencia-energetica},
    urlaccessdate = {01 jan. 2019}
}

@article{santos2001conservaccao,
  title={Conserva{\c{c}}{\~a}o de energia: efici{\^e}ncia energ{\'e}tica de instala{\c{c}}{\~o}es e equipamentos},
  author={SANTOS, Afonso Henrique Moreira and Sim{\~o}es, Alexandre Augusto and Martins, Andr{\'e} Ramon Silva and Viana, Augusto Nelson Carvalho and BORRONI, EC and Lora, Electo Eduardo Silva and Teixeira, Fl{\'a}vio Neves and Haddad, Jamil and Cortez, Jos{\'e} Ant{\^o}nio and Nogueira, Luiz Augusto Horta and others},
  journal={Editora da EFEI},
  year={2001}
}

@book{tipler,
  title={F{\'i}sica para cientistas e engenheiros. Vol. 1: mec{\^a}nica, oscila{\c{c}}{\~o}es e ondas, termodin{\'a}mica .},
  author={Tipler, Paul Allen and Mosca, Gene},
  edition={6},
  year={2000},
  publisher={Grupo Gen-LTC}
}

@book{julius,
  title={Julius Robert Mayer, prophet of energy},
  author={Lindsay, Robert Bruce and von Mayer, Julius Robert},
  year={1973},
  publisher={Pergamon}
}

@article{gomes2003recursos,
  title={Recursos minerais energ{\'e}ticos: carv{\~a}o e ur{\^a}nio},
  author={GOMES, Aramis Jos{\'e} Pereira and Cruz, Paulo Roberto and Borges, Lindemberg Pinheiro},
  journal={Geologia, Tect{\^o}nica e Recursos Minerais do Brasil. Bras{\'i}lia: CPRM},
  pages={577--628},
  year={2003}
}

@article{afonso2008rendas,
  title={Rendas do petr{\'o}leo no Brasil: alguns aspectos fiscais e federativos},
  author={Afonso, Jos{\'e} Roberto R and Gobetti, S{\'e}rgio Wulff},
  year={2008},
  publisher={Banco Nacional de Desenvolvimento Econ{\^o}mico e Social}
}

@misc{inmet,
    organization={INMET},
    org-short={INMET},
    title={Se{\c c}{\~a}o de An{\'a}lise e Previs{\~a}o do Tempo},
    subtitle={Nota técnica 004/17},
    year={2017},
    publisher={Instituto Nacional de Meteorologia},
    address={Belo Horizonte, MG},
    url={http://www.inmet.gov.br/portal/notas_tecnicas/2017/OUTUBRO/Nota_tecnica_CEDEC_04_17.pdf},
    urlaccessdate={25 out. 2018},
}

@article{brubaker1993estimation,
  title={Estimation of continental precipitation recycling},
  author={Brubaker, Kaye L and Entekhabi, Dara and Eagleson, PS},
  journal={Journal of Climate},
  volume={6},
  number={6},
  pages={1077--1089},
  year={1993}
}

@book{weil,
  title={Economic growth},
  author={Weil, David N.},
  year={2013},
  edition={3rd },
  note={Includes bibliographical references and index},
  dimensions={24cm},
  pages={556},
  isbn={97803217957310321795733},
  publisher={Pearson},
  adress={Boston, MA}
}

@book{rezende2004materiais,
  title={Materiais e dispositivos eletr{\^o}nicos},
  author={Rezende, Sergio Machado},
  year={2004},
  publisher={Editora Livraria da F{\'i}sica}
}

@article{feltre,
  title={Qu{\'i}mica: volume 1},
  author={Feltre, Ricardo},
  journal={Moderna. S{\~a}o Paulo-SP},
  year={2004}
}

@article{viana2012eficiencia,
  title={Efici{\^e}ncia energ{\'e}tica: fundamentos e aplica{\c{c}}{\~o}es},
  author={VIANA, Augusto Nelson Carvalho and BORTONI, E and NOGUEIRA, F and Haddad, J and NOGUEIRA, L and VENTURINI, O and Yamachita, RA},
  journal={Elektro, Universidade Federal de Itajub{\'a}, Excen, Fupai},
  volume={1},
  year={2012}
}

@book{cibiogas,
    address = {Foz do Igua{\c{c}}u},
    volume={1},
    publisher={},
    title={Introdu{\c{c}}{\~a}o ao contexto energ{\'e}tico},
    subtitle = {Curso de Biog{\'a}s para gera{\c{c}}{\~a}o de Energia El{\'e}trica.},
    organization = {CIBIOG{\'A}S},
    org-short = {CIBIOG{\'A}S},
    year = {2018},
}

@misc{chesf,
    author={Companhia Hidro El{\'e}trica do S{\~a}o Francisco. {CHESF}},
    publisher={Minist{\'e}rio do Meio Ambiente},
    title={Chesf inaugura etapa de Centro solar},
    year={2018},
    address={Recife, PE},
    url={http://www.chesf.gov.br/_layouts/15/Chesf_Noticias_Farm/Noticia.aspx?IDNoticia=254},
    urlaccessdate={15 out. 2018},
}

@misc{theguardian,
    author={Julia Kollewe},
    title={VW profits down 20\% after diesel emissions scandal},
    address={London, UK},
    publisher={The Guardian},
    year={2016},
    month={mai.},
    org-short={TG},
    url={https://www.theguardian.com/business/2016/may/31/vw-volkswagen-profits-down-20-diesel-emissions-scandal},
    urlaccessdate={05 jul. 2018},
}

@misc{beuc:reducao,
    title={European Parliament environment committee directs car CO2 emission targets into the right lane},
    address={Brussels, BEL},
    organization={BEUC},
    year={2018},
    publisher={The European Consumer Organization},
    org-short={BEUC},
    url={https://www.beuc.eu/publications/good-news-european-parliament-environment-committee-directs-car-co2-emission-targets/html},
    urlaccessdate={18 set. 2018},
}

@article{beuc:consumo,
    title={Where does my food come from?},
    address={Brussels, BEL},
    subtitle={BEUC consumer survey on origin labelling on food},
    organization={BEUC},
    year={2013},
    publisher={The European Consumer Organization},
    org-short={BEUC},
}

@misc{tpeuropa,
    title={Dieselgate, three years on: 43 million dirty diesels on our roads – and still growing},
    organization={Transport \& Environment},
    address={Brussel, BEL},
    org-short={T\&E},
    year={2018},
    url={https://www.transportenvironment.org/press/dieselgate-three-years-43-million-dirty-diesels-our-roads-%E2%80%93-and-still-growing},
    urlaccessdate={18 set. 2018},
}

@misc{g1petrolina,
    title={Exporta{\c c}{\~o}es feitas atrav{\'e}s de avi{\~o}es cargueiros aumentam no aeroporto de Petrolina, no Sert{\~a}o de PE},
    organization={Globo},
    year={2018},
    org-short={Globo},
    publisher={G1},
    url={https://g1.globo.com/pe/petrolina-regiao/noticia/exportacoes-feitas-atraves-de-avioes-cargueiros-aumentam-no-aeroporto-de-petrolina-no-sertao-de-pe.ghtml
    },
    urlaccessdate={18 ago. 2018},
}



@misc{europa,
    title={Segurança dos alimentos na UE},
    organization={UE},
    org-short={UE},
    publisher={Uni{\~a}o Europ{\'e}ia},
    year={2018},
    url={https://europa.eu/european-union/topics/food-safety_pt},
    urlaccessdate={18 ago. 2018},
}

@misc{caged,
  title={Evolução de Emprego do CAGED - EEC},
  organization={Cadastro Geral de Empregados e Desempregados, CAGED},
  author={Brasil},
  year={2017},
  address = {Bras{\'i}lia},
  url={http://bi.mte.gov.br/eec/pages/consultas/evolucaoEmprego/consultaEvolucaoEmprego.xhtml#relatorioSetor},
  urlaccessdate = {18 ago. 2018},
  publisher={Minist{\'e}rio do Trabalho, MTE}
}

@misc{firjan,
    title={{\'I}ndice Firjan de Desenvolvimento Municipal},
    publisher={Federa{\c{c}}{\~a}o das Ind{\'u}strias do Estado do Rio de Janeiro},
    subtitle={Recorte Municipal Abrang{\^e}ncia Nacional},
    org-short={Firjan},
    organization={Firjan},
    year={2016},
    pages={5--23},
    adress={Rio de Janeiro, RJ},
    month={Junho},
}

@misc{estadao,
  title={Um terço dos municípios do País não gera receita nem para pagar salário
do prefeito},
  organization={Estad{\~a}o},
  author={Ren{\'e}e Pereira},
  org-short={Estad{\~a}o},
  year={2018},
  address = {S{\~a}o Paulo},
  url={https://economia.estadao.com.br/noticias/geral,um-terco-dos-municipios-do-pais-nao-gera-receita-nem-para-pagar-salario-do-prefeito,70002473456},
  urlaccessdate = {17 ago. 2018},
  publisher={O Estado de S{\~a}o Paulo}
}

@misc{valorpetrolina,
  title={Região irrigada do rio São Francisco é polo de geração de empregos},
  organization={Valor Econômico},
  author={Ana Concei{\c{c}}{\~a}o and Marina Falc{\~a}o },
  org-short={VE},
  year={2017},
  address = {Recife, PE},
  url={https://www.valor.com.br/brasil/5207247/regiao-irrigada-do-rio-sao-francisco-e-polo-de-geracao-de-empregos},
  urlaccessdate = {16 ago. 2018},
  publisher={Valor Econômico}
}

@article{tavares2003papel,
  title={O papel da ANEEL no setor el{\'e}trico brasileiro},
  author={Tavares, Silvio Romero Ribeiro and others},
  year={2003},
  publisher={[sn]}
}

@article{epe:expansao,
  title={Plano Decenal de Expans{\~a}o de Energia 2024},
  author={de Pesquisa Energ{\'e}tica, EPE--Empresa},
  journal={Minist{\'e}rio de Minas e Energia--Empresa de Pesquisa Energ{\'e}tica. Bras{\'i}lia},
  year={2015}
}

@misc{folha,
  title={Parada desde 2014, produ{\c c\~a}o de ur{\^a}nio ser{\'a} retomada este ano, diz estatal},
  organization={Folha},
  year={2018},
  org-short={Folha},
  url={https://www1.folha.uol.com.br/mercado/2018/08/parada-desde-2014-producao-de-uranio-sera-retomada-este-ano-diz-estatal.shtml},
  urlaccessdate = {29 dez. 2019},
  publisher={Folha de S{\~a}o Paulo, Nicola Pamplona}
}

@misc{jornalusp,
  title={Sistema interligado de energia abastece e beneficia o País},
  organization={USP},
  year={2018},
  org-short={USP},
  publisher={Universidade Estadual de S{\~a}o Paulo},
  url={https://jornal.usp.br/atualidades/sistema-interligado-de-energia-abastece-e-beneficia-o-pais/},
  urlaccessdate = {29 ago. 2018},
  publisher={Jornal da USP}
}

@article{tolmasquim2000origens,
  title={As origens da crise energ{\'e}tica brasileira},
  author={Tolmasquim, Mauricio},
  journal={Ambiente \& sociedade},
  number={6-7},
  pages={179--183},
  year={2000},
  publisher={SciELO Brasil}
}

@misc{valoreconomico,
  title={Investimentos no segmento de biogás devem atingir R\$ 50 bilhões até 2030},
  organization={Valor Econômico},
  author={Rodrigo Polito},
  org-short={VE},
  year={2017},
  address = {Rio de Janeiro},
  url={https://www.valor.com.br/brasil/5046188/investimentos-no-segmento-de-biogas-devem-atingir-r-50-bilhoes-ate-2030},
  urlaccessdate = {12 jun. 2018},
  publisher={Valor Econômico}
}

@misc{em,
  title={Priorização de hidrelétricas agravou crise de energia no Brasil},
  organization={EM},
  org-short={EM},
  year={2018},
  address = {Belo Horizonte (MG)},
  url={https://www.em.com.br/app/noticia/economia/2014/05/12/internas_economia,527691/priorizacao-de-hidreletricas-agravou-crise-de-energia-no-brasil.shtml},
  urlaccessdate = {12 jul. 2018},
  publisher={Jornal Estado de Minas}
}

@article{litre,
  title={O dia que a Terra disse basta!},
  author={Litre, Gabriela and Curi, Melissa and Bursztyn, Marcel and Drummond, Jos{\'e} Augusto},
  journal={Sustentabilidade em Debate},
  volume={7},
  number={2},
  pages={8--13},
  year={2016},
  url={https://doi.org/10.18472/SustDeb.v7n2.2016.21259}
}


@misc{panorama2016,
  title={Panorama dos Res{\'i}duos S{\'o}lidos no Brasil},
  author={ABRELPE},
  publisher={Associa{\c c}{\~a}o Brasileira de Empresas de Limpeza P{\'u}blica e Res{\'i}duos Especiais},
  url = {http://abrelpe.org.br/artigos-tecnicos/},
  urlaccessdate = {4 dez. 2018},
  pages={51},
  year={2016}
}

@misc{big:aneel,
    author = {Brasil},
    publisher = {Agência Nacional de Energia Elétrica, ANEEL},
    title = {Matriz Energética Brasileira},
    subtitle = {Capacidade Instalada},
    year = {2018},
    url = {http://www2.aneel.gov.br/aplicacoes/capacidadebrasil/capacidadebrasil.cfm},
    urlaccessdate = {24 ago. 2018}
}

@misc{big:biomassa,
    author = {Brasil},
    publisher = {Agência Nacional de Energia Elétrica, ANEEL},
    title = {Matriz Energética do Brasil},
    subtitle = {USINAS do tipo Biomassa em Operação},
    year = {2018},
    url = {http://www2.aneel.gov.br/aplicacoes/capacidadebrasil/OperacaoGeracaoTipo.asp},
    urlaccessdate = {06 set. 2018}
}

@misc{epe:balanco,
    author = {Brasil},
    publisher = {Empresa de Pesquisa Energética, EPE},
    title = {Balanço Energético Nacional 2017 (ano base 2016)},
    subtitle = {Demais países e regiões},
    year = {2017},
    url = {http://www.mme.gov.br/documents/10584/3580498/14+-+Energia+no+Mundo+-+Matrizes+e+Indicadores+2017+-+anos+ref.+2015+-+16+%28PDF%29/60755215-705a-4e76-94ee-b27def639806;jsessionid=23A29A5505323A1DD0ED0E7D02E956E2.srv155},
    urlaccessdate = {24 ago. 2018}
}

@misc{epe:demanda,
author = {Brasil},
publisher = {Empresa de Pesquisa Energética, EPE},
title = {Projeção de Demanda de Energia Elétrica},
year = {2017},
url = {http://www.epe.gov.br/mercado/Documents/DEA%20001_2017%20-%20Projeções%20da%20Demanda%20de%20Energia%20Elétrica%202017-2026_VF.pdf},
urlaccessdate = {05 nov. 2017}
}

@misc{tolmasquim:2016,
author = {Mauricio Tiomno Tolmasquim},
title = {Energia Renovável: Hidráulica, Biomassa, Eólica, Solar, Oceânica},
publisher = {EPE, Empresa de Pesquisa Energética, Rio de Janeiro},
year = {2016}
}

@misc{prodist:3,
	title		= {Procedimentos de Distribuição de Energia Elétrica no Sistema Elétrico Nacional (PRODIST)},
	subtitle={Módulo 3 - {Acesso ao Sistema de Distribuição}},
	author		= {Brasil},
	publisher = {Agência Nacional Energia Elétrica. {ANEEL}},
	url 		= {http://www.aneel.gov.br/documents/656827/14866914/PRODIST-M%C3%B3dulo3_Revis%C3%A3o7/ebfa9546-09c2-4fe5-a5a2-ac8430cbca99},
	urlaccessdate	= {09 set. 2017},
	year		= {2017}
}

@book{van2007reduccao,
  title={Redu{\c{c}}{\~a}o de emiss{\~o}es na disposi{\c{c}}{\~a}o final},
  subtitle = {Mecanismo de desenvolvimento limpo aplicado a res{\'i}duos s{\'o}lidos},
  address = {Rio de Janeiro},
  author={Van Elk, Ana Ghislane Henriques Pereira},
  year={2007},
  publisher={IBAM}
}


%lei publicada no diário oficial da uniao (DOU) e sancionada pelo presidente (poder executivo)
@article{lei12305,
	address={Bras{\' i}lia, DF},
	journal={Di{\' a}rio Oficial [da] Rep{\' u}blica Federativa do Brasil},
	month={03 out.},
	note={Se{\c c}\~ao~1, p.~2},
	organization={Brasil},
	publisher={Poder Executivo},
	title={Lei n{$^o$} 12.305, de 02 de Agosto de 2010. Institui a Pol{\' i}tica Nacional de Res{\' i}duos S{\' o}lidos; altera a Lei n{$^o$} 9.605, de 12 de Fevereiro de 1998; e d{\' a} outras provid{\^ e}ncias.},
	year={2010}
}

%acesso em site
@misc{cnm,
  title={Observat{\'o}rio dos Lix{\~o}es},
  subtitle={Diagn{\'o}tico Municipal},
  organization={CNM},
  org-short={CNM},
  year={2018},
  publisher={Confedera{\c{c}}{\~a}o Nacional de Munic{\'i}pios},
  url={http://www.lixoes.cnm.org.br},
  urlaccessdate = {02 jun. 2018},
  publisher={CNM Bras{\'i}lia}
}

@book{onu2004,
	title={United Nations Framework Convention on Climate Change},
	organization={ONU},
	org-short={ONU},
	year={2004},
	publisher={United Nations Framework Convention on Climate Change, UNFCCC}
}

@misc{transp,
    title={Portal da Transparência Municipal},
    organization={Petrolina},
    publisher ={Prefeitura Municipal de Petrolina},
    year={2018},
    org-short={Petrolina},
    url={http://transparencia.petrolina.pe.gov.br},
    urlaccessdate = {15 out. 2018},
}

@article{amma,
    title={OFICIO Nº89},
    subtitle={Abertura de licita{\c  c}{\~a}o},
    organization={Petrolina},
    publisher ={Ag{\^e}ncia Municipal do Meio Ambiente, AMMA},
    year={2013},
    org-short={AMMA},
}

@article{tetraplan2012estudo,
  title={Estudo sobre o Potencial de Gera{\c{c}}{\~a}o de Energia a partir de Res{\'i}duos de Saneamento (lixo, esgoto), visando incrementar o uso de biog{\'a}s como fonte alternativa de energia renov{\'a}vel},
  author={Tetraplan, ARCADIS},
  journal={Acesso em},
  volume={15},
  year={2012}
}

@misc{rimactr,
    address = {Recife},
    title={Implanta\c{c}\~ao de Central de Tratamento de Res\'iduos S\'olidos em \'Area Rural do Munic\'ipio de Petrolina (PE)},
    subtitle = {Relat\'orio de Impacto Ambiental - RIMA},
    organization = {Empesa},
    org-short = {EMPESA},
    year = {2011},
    publisher = {CTR Petrolina, Empresa Pernambucana de Engenharia Sanit\'aria LTDA}
}

%citação de e-mail
@misc{mirela,
    address = {Petrolina, PE},
    title={Controle de Res{\'i}duos S{\'o}lidos (2018)},
    organization = {CTRP},
    org-short = {CTRP},
    year={2018},
    publisher = {Central de Tratamento de Res{\'iduos} de Petrolina. [mensagem pessoal] Mensagem recebida por: <daniel\_simiao{@}hotmail.com>},
    urlaccessdate = {20 dez. 2018}
}

@article{valente2015analise,
  title={An{\'a}lise de viabilidade econ{\^o}mica e escala m{\'i}nima de uso do biog{\'a}s de reatores anaer{\'o}bios em Esta{\c{c}}{\~o}es de Tratamento de Esgoto no Brasil},
  author={Valente, VB},
  journal={Programa de P{\'o}s-Gradua{\c{c}}{\~a}o em Planejamento Energ{\'e}tico, COPPE, da Universidade Federal do Rio de Janeiro (UFRJ). 182p},
  year={2015}
}

% Referências - Geração Distribuída

% Referências - Biogás
